@IEEEtranBSTCTL{IEEEexample:BSTcontrol,
  CTLdash_repeated_names = "no"
}

@article{bmiage,
  title={A cross sectional survey on social, cultural and economic determinants of obesity in a low middle income setting},
  author={De Silva, Ambepitiyawaduge Pubudu and De Silva, Sudirikku Hennadige Padmal and Haniffa, Rashan and Liyanage, Isurujith Kongala and Jayasinghe, Kosala Saroj Amarasiri and Katulanda, Prasad and Wijeratne, Chandrika Neelakanthi and Wijeratne, Sumedha and Rajapakse, Lalini Chandika},
  journal={International journal for equity in health},
  volume={14},
  number={1},
  pages={6},
  year={2015},
  publisher={BioMed Central}
}

@misc{nhsBMI,
title={What is the body mass index (BMI)?}, url={https://www.nhs.uk/common-health-questions/lifestyle/what-is-the-body-mass-index-bmi/},
author={National Health Service UK},
year={2016},
month={Jul}
}

@article{comert,
  title={Weight and diameter estimation using image processing and machine learning techniques on apple images},
  author={C{\"O}MERT, ONUR and HEK{\.I}M, Mahmut and ADEM, Kemal},
  journal={International Journal of Engineering Research and Development},
  volume={9},
  pages={3},
  year={2017}
}

@article{kollis2007weight,
  title={Weight estimation using image analysis and statistical modelling: A preliminary study},
  author={Kollis, Kristina and Phang, Chee Shiong and Banhazi, Thomas M and Searle, Stephen J},
  journal={Applied engineering in agriculture},
  volume={23},
  number={1},
  pages={91--96},
  year={2007},
  publisher={American Society of Agricultural and Biological Engineers}
}

@article{nguyen2014seeing,
  title={Seeing human weight from a single rgb-d image},
  author={Nguyen, Tam V and Feng, Jiashi and Yan, Shuicheng},
  journal={Journal of Computer Science and Technology},
  volume={29},
  number={5},
  pages={777--784},
  year={2014},
  publisher={Springer}
}


 @misc{mehta_2019,
 title={A Complete Guide to Types of Neural Networks},
 url={https://www.digitalvidya.com/blog/types-of-neural-networks/},
 author={Mehta , Anukrati},
 year={2019},
 month={Jan}
 } 
 
 @misc{semantic,
 title={Semantic segmentation with OpenCV and deep learning},
 url={https://www.pyimagesearch.com/2018/09/03/semantic-segmentation-with-opencv-and-deep-learning/},
 author={Rosebrock, Adrian},
 year={2018},
 month={Sep}
 }
 
 @misc{instance,
 title={Instance segmentation with OpenCV},
 url={https://www.pyimagesearch.com/2018/11/26/instance-segmentation-with-opencv/},
 author={Rosebrock, Adrian},
 year={2018},
 month={Nov}
 }

@misc{objectDetection,
title={Measuring size of objects in an image with OpenCV},
url={https://www.pyimagesearch.com/2016/03/28/measuring-size-of-objects-in-an-image-with-opencv/},
author={Rosebrock, Adrian},
year={2016},
month={Mar}
}

@misc{mathworksdilationerosion,
title={Understanding Dilation and Erosion :: Morphological Operations (Image Processing Toolbox User's Guide)},
url={http://matlab.izmiran.ru/help/toolbox/images/morph3.html},
author={The MathWorks, Inc.},
year={2005}
}

@misc{opening,
title={Morphology - Opening},
url={https://homepages.inf.ed.ac.uk/rbf/HIPR2/open.htm},
author={Fisher, R. and Perkins, S. and Walker, A. and Wolfart, E.},
year={2003}
}

@misc{closing,
title={Morphology - Closing}, 
url={https://homepages.inf.ed.ac.uk/rbf/HIPR2/close.htm},
author={Fisher, R. and Perkins, S. and Walker, A. and Wolfart, E.},
year={2003}
}

@misc{bmifromface, 
title={Estimating Body Mass Index from Face Images Using Keras and Transfer Learning},
url={https://medium.com/@leosimmons/estimating-body-mass-index-from-face-images-using-keras-and-transfer-learning-de25e1bc0212},
author={Simmons, Leo},
year={2019},
month={Feb}
}

@article{bmifromphoto,
  title={Estimation of Body Mass Index from Photographs using Deep Convolutional Neural Networks},
  author={Adam Pantanowitz and Emmanuel Cohen and Philippe Gradidge and Nigel Crowther and Vered Aharonson and Benjamin Rosman and David M Rubin},
  year={2019},
  month={Aug},
  url={ http://arxiv.org/abs/1908.11694},
  journal={arXiv.org}
}

@misc{blackShapeDetection,
title={OpenCV Shape Detection},
url={https://www.pyimagesearch.com/2016/02/08/opencv-shape-detection/},
author={Rosebrock, Adrian},
year={2016},
month={Feb}
}

@misc{maskrcnnDetection,
title={Keras Mask R-CNN},
url={https://www.pyimagesearch.com/2019/06/10/keras-mask-r-cnn/},
author={Rosebrock, Adrian},
year={2019},
month={Jun}
}

@inproceedings{maskrcnn,
  title={Mask r-cnn},
  author={He, Kaiming and Gkioxari, Georgia and Doll{\'a}r, Piotr and Girshick, Ross},
  booktitle={Proceedings of the IEEE international conference on computer vision},
  pages={2961--2969},
  year={2017}
}

@inproceedings{mscoco,
  title={Microsoft coco: Common objects in context},
  author={Lin, Tsung-Yi and Maire, Michael and Belongie, Serge and Hays, James and Perona, Pietro and Ramanan, Deva and Doll{\'a}r, Piotr and Zitnick, C Lawrence},
  booktitle={European conference on computer vision},
  pages={740--755},
  year={2014},
  organization={Springer}
}

@misc{bodyproportions,
title={Human Figure Proportions},
url={https://anatomymasterclass.com/anatomy-video-lessons/human-figure-proportions},
journal={Anatomy Master Class}
}